<?xml version="1.0" encoding="UTF-8"?><record xmlns="http://www.loc.gov/MARC21/slim" xmlns:cinclude="http://apache.org/cocoon/include/1.0" xmlns:zs="http://www.loc.gov/zing/srw/">
  <leader>00417nz  a2200121n  4500</leader>
  <controlfield tag="001">n  92042954 </controlfield>
  <controlfield tag="003">DLC</controlfield>
  <controlfield tag="005">19920417154714.0</controlfield>
  <controlfield tag="008">920417n| acannaab|          |n aaa |||  </controlfield>
  <datafield tag="010" ind1=" " ind2=" ">
    <subfield code="a">n  92042954 </subfield>
  </datafield>
  <datafield tag="040" ind1=" " ind2=" ">
    <subfield code="a">DLC</subfield>
    <subfield code="c">DLC</subfield>
  </datafield>
  <datafield tag="100" ind1="1" ind2="0">
    <subfield code="a">Tichy, Kálmán,</subfield>
    <subfield code="d">1888-1968</subfield>
  </datafield>
  <datafield tag="670" ind1=" " ind2=" ">
    <subfield code="a">Thain, J. Kisalföldi és gömöri népi építészet, 1991:</subfield>
    <subfield code="b">t.p. (Tichy Kálmán) p. 15 (b. 1888, d. 1968; art instructor, museum director)</subfield>
  </datafield>
</record>